@inproceedings{pagerank,
  author = {Brin, Sergey and Page, Lawrence},
  title = {The Anatomy of a Large-Scale Hypertextual Web Search Engine},
  year = {1998},
  publisher = {Elsevier Science Publishers B. V.},
  booktitle = {Proceedings of the Seventh International Conference on World Wide Web 7},
  pages = {107–117},
  location = {Brisbane, Australia},
}

@inproceedings{Angles2018ThePG,
  title={The Property Graph Database Model},
  author={Renzo Angles},
  booktitle={Alberto Mendelzon Workshop on Foundations of Data Management},
  year={2018}
}

@misc{neo4j,
  title={{Neo4j the graph database}},
  howpublished={\url{https://neo4j.com/}}
}

@misc{OrientDB,
  title={{Orientdb - distributed graph/document multi-model database}},
  howpublished={\url{http://orientdb.com/}}
}

@misc{lubm,
  title={{LUBM}},
  howpublished={\url{http://swat.cse.lehigh.edu/projects/lubm/}}
}

@misc{snb,
  title={{LDBC SNB - LDBC Social Network Benchmark}},
  howpublished={\url{https://ldbcouncil.org/benchmarks/snb/}}
}

@misc{wiki,
  title={{Wikipedia page-to-page link database}},
  howpublished={\url{http://haselgrove.id.au/wikipedia.htm}}
}

@misc{tugraph,
  title={{TuGraph Analytics}},
  howpublished={\url{https://www.tugraph.org/analytics}}
}

@misc{rdf,
  title={{Resource Description Framework (RDF)}},
  howpublished={\url{https://www.w3.org/RDF/}}
}

@misc{nebula,
  title={{NebulaGraph}},
  howpublished={\url{https://www.nebula-graph.io/}}
}

@misc{janus,
  title={{JanusGraph}},
  howpublished={\url{https://janusgraph.org/}}
}

@misc{allegro,
  title={{Franz Inc. AllegroGraph}},
  howpublished={\url{http://www.franz.com/agraph/allegrograph/}}
}

@misc{graphdb,
  title={{Ontotext GraphDB}},
  howpublished={\url{https://www.ontotext.com/products/graphdb/}}
}

@misc{sparql,
  title={{SPARQL Query Language for RDF}},
  howpublished={\url{http://www.w3.org/TR/rdf-sparql-query/}}
}

@misc{influx,
  title={{InfluxDB Open Source}},
  howpublished={\url{https://www.influxdata.com/products/influxdb/}}
}

@misc{timedb,
  title={{TimeDB - A Temporal Relational DBMS}},
  howpublished={\url{https://www.timeconsult.com/Software/Software.html}}
}

@article{type2tgp,
  author = {Wu, Huanhuan and Cheng, James and Huang, Silu and Ke, Yiping and Lu, Yi and Xu, Yanyan},
  title = {Path Problems in Temporal Graphs},
  year = {2014},
  publisher = {VLDB Endowment},
  volume = {7},
  number = {9},
  journal = {Proc. VLDB Endow.},
  pages = {721–732},
}

@inproceedings{triad,
  author = {Gurajada, Sairam and Seufert, Stephan and Miliaraki, Iris and Theobald, Martin},
  title = {TriAD: A Distributed Shared-Nothing RDF Engine Based on Asynchronous Message Passing},
  year = {2014},
  publisher = {Association for Computing Machinery},
  booktitle = {Proceedings of the 2014 ACM SIGMOD International Conference on Management of Data},
  pages = {289–300},
  location = {Snowbird, Utah, USA},
}

@article{trinity,
  author = {Zeng, Kai and Yang, Jiacheng and Wang, Haixun and Shao, Bin and Wang, Zhongyuan},
  title = {A Distributed Graph Engine for Web Scale RDF Data},
  year = {2013},
  publisher = {VLDB Endowment},
  volume = {6},
  number = {4},
  journal = {Proc. VLDB Endow.},
  pages = {265–276},
}

@inproceedings{wukong,
  author = {Shi, Jiaxin and Yao, Youyang and Chen, Rong and Chen, Haibo and Li, Feifei},
  title = {Fast and Concurrent RDF Queries with RDMA-Based Distributed Graph Exploration},
  year = {2016},
  publisher = {USENIX Association},
  booktitle = {Proceedings of the 12th USENIX Conference on Operating Systems Design and Implementation},
  pages = {317–332},
  location = {Savannah, GA, USA},
}

@article{graphlab,
  author = {Low, Yucheng and Gonzalez, Joseph and Kyrola, Aapo and Bickson, Danny and Guestrin, Carlos and Hellerstein, Joseph},
  title = {Distributed GraphLab: A Framework for Machine Learning and Data Mining in the Cloud},
  year = {2012},
  publisher = {VLDB Endowment},
  volume = {5},
  number = {8},
  journal = {Proc. VLDB Endow.},
  pages = {716–727},
}

@inproceedings{PowerGraph,
  author = {Gonzalez, Joseph E. and Low, Yucheng and Gu, Haijie and Bickson, Danny and Guestrin, Carlos},
  title = {PowerGraph: Distributed Graph-Parallel Computation on Natural Graphs},
  year = {2012},
  publisher = {USENIX Association},
  booktitle = {Proceedings of the 10th USENIX Conference on Operating Systems Design and Implementation},
  pages = {17–30},
  location = {Hollywood, CA, USA},
}

@inproceedings{GraphX,
  author = {Gonzalez, Joseph E. and Xin, Reynold S. and Dave, Ankur and Crankshaw, Daniel and Franklin, Michael J. and Stoica, Ion},
  title = {GraphX: Graph Processing in a Distributed Dataflow Framework},
  year = {2014},
  publisher = {USENIX Association},
  booktitle = {Proceedings of the 11th USENIX Conference on Operating Systems Design and Implementation},
  pages = {599–613},
  location = {Broomfield, CO},
}

@article{Holme_2012,
  author = {Petter Holme and Jari Saramäki},
  title = {Temporal networks},
  year = {2012},
  publisher = {Elsevier Science Publishers B. V.},
  volume = {519},
  number = {3},
  journal = {Physics Reports},
  pages = {97-125},
}

@inproceedings{Chronos,
  author = {Han, Wentao and Miao, Youshan and Li, Kaiwei and Wu, Ming and Yang, Fan and Zhou, Lidong and Prabhakaran, Vijayan and Chen, Wenguang and Chen, Enhong},
  title = {Chronos: A Graph Engine for Temporal Graph Analysis},
  year = {2014},
  publisher = {Association for Computing Machinery},
  booktitle = {Proceedings of the Ninth European Conference on Computer Systems},
  location = {Amsterdam, The Netherlands},
}

@article{sams,
  author = {Then, Manuel and Kersten, Timo and G\"{u}nnemann, Stephan and Kemper, Alfons and Neumann, Thomas},
  title = {Automatic Algorithm Transformation for Efficient Multi-Snapshot Analytics on Temporal Graphs},
  year = {2017},
  publisher = {VLDB Endowment},
  volume = {10},
  number = {8},
  journal = {Proc. VLDB Endow.},
  pages = {877–888},
}

@inproceedings{trdf,
  author = {Gutierrez, Claudio and Hurtado, Carlos and Vaisman, Alejandro},
  title = {Temporal RDF},
  year = {2005},
  publisher = {Springer-Verlag},
  booktitle = {Proceedings of the Second European Conference on The Semantic Web: Research and Applications},
  pages = {93–107},
  location = {Heraklion, Greece},
}

@article{trdfex,
  author={Gutierrez, Claudio and Hurtado, Carlos A. and Vaisman, Alejandro},
  title={Introducing Time into RDF}, 
  year={2007},
  publisher = {IEEE Educational Activities Department},
  volume={19},
  number={2},
  journal={IEEE Transactions on Knowledge and Data Engineering}, 
  pages={207-218},
}

@article{rdft,
  author={Zhang, Fu and Wang, Ke and Li, Zhiyin and Cheng, Jingwei},
  title={Temporal Data Representation and Querying Based on RDF}, 
  year={2019},
  volume={7},
  journal={IEEE Access}, 
  pages={85000-85023},
}

@inproceedings{rdftli,
  author = {Li, Haixia and Yan, Li},
  title = {A Temporal RDF Model for Multi-Grained Time Information Modeling},
  year = {2021},
  publisher = {Association for Computing Machinery},
  booktitle = {2021 4th International Conference on Data Science and Information Technology},
  pages = {9–14},
  location = {Shanghai, China},
}

@article{Yan2020TemporalRD,
  author={Li Yan and Zhe Zhang and Dan Yang},
  title={Temporal RDF(S) Data Storage and Query with HBase},
  year={2020},
  volume={27},
  journal={J. Comput. Inf. Technol.},
  pages={17-30},
}

@article{LiveGraph,
  author = {Zhu, Xiaowei and Feng, Guanyu and Serafini, Marco and Ma, Xiaosong and Yu, Jiping and Xie, Lei and Aboulnaga, Ashraf and Chen, Wenguang},
  title = {LiveGraph: A Transactional Graph Storage System with Purely Sequential Adjacency List Scans},
  year = {2020},
  publisher = {VLDB Endowment},
  volume = {13},
  number = {7},
  journal = {Proc. VLDB Endow.},
  pages = {1020–1034},
}

@inproceedings{Gemini,
  author = {Zhu, Xiaowei and Chen, Wenguang and Zheng, Weimin and Ma, Xiaosong},
  title = {Gemini: A Computation-Centric Distributed Graph Processing System},
  year = {2016},
  publisher = {USENIX Association},
  booktitle = {Proceedings of the 12th USENIX Conference on Operating Systems Design and Implementation},
  pages = {301–316},
  location = {Savannah, GA, USA},
}

@inproceedings{GraphChi,
  author = {Kyrola, Aapo and Blelloch, Guy and Guestrin, Carlos},
  title = {GraphChi: Large-Scale Graph Computation on Just a PC},
  year = {2012},
  publisher = {USENIX Association},
  booktitle = {Proceedings of the 10th USENIX Conference on Operating Systems Design and Implementation},
  pages = {31–46},
  location = {Hollywood, CA, USA},
}

@inproceedings{edgecut,
  author = {Karypis, George and Kumar, Vipin},
  title = {Parallel Multilevel K-Way Partitioning Scheme for Irregular Graphs},
  year = {1996},
  publisher = {IEEE Computer Society},
  booktitle = {Proceedings of the 1996 ACM/IEEE Conference on Supercomputing},
  pages = {35–es},
  location = {Pittsburgh, Pennsylvania, USA},
}

@inproceedings{risgraph,
  author = {Feng, Guanyu and Ma, Zixuan and Li, Daixuan and Chen, Shengqi and Zhu, Xiaowei and Han, Wentao and Chen, Wenguang},
  title = {RisGraph: A Real-Time Streaming System for Evolving Graphs to Support Sub-Millisecond Per-Update Analysis at Millions Ops/s},
  year = {2021},
  publisher = {Association for Computing Machinery},
  booktitle = {Proceedings of the 2021 International Conference on Management of Data},
  pages = {513–527},
  location = {Virtual Event, China},
}

@article{graphone,
  author = {Kumar, Pradeep and Huang, H. Howie},
  title = {GraphOne: A Data Store for Real-Time Analytics on Evolving Graphs},
  year = {2020},
  publisher = {Association for Computing Machinery},
  volume = {15},
  number = {4},
  journal = {ACM Trans. Storage},
}

@article{sortledton,
  author = {Fuchs, Per and Margan, Domagoj and Giceva, Jana},
  title = {Sortledton: A Universal, Transactional Graph Data Structure},
  year = {2022},
  publisher = {VLDB Endowment},
  volume = {15},
  number = {6},
  journal = {Proc. VLDB Endow.},
  pages = {1173–1186},
}

@inproceedings{csrpp,
  author = {Firmli, Soukaina and Trigonakis, Vasileios and Lozi, Jean-Pierre and Psaroudakis, Iraklis and Weld, Alexander and Chiadmi, Dalila and Hong Sungpack and Chafi Hassan},
  title = {CSR++: A fast, scalable, update friendly graph data structure},
  year = {2020},
  booktitle = {24th International Conference on Principles of Distributed Systems},
}

@book{grpcmt,
  author = {Philip A. Bernstein and Vassos Hadzilacos and Nathan Goodman},
  title = {Concurrency Control and Recovery in Database Systems},
  publisher = {Addison-Wesley},
  year = {1987},
}

@book{itd,
  author = {汤庸},
  title = {时态数据库导论},
  publisher = {北京大学出版社},
  year = {2004},
}

@inproceedings{Haslhofer2016OBW,
  title={O Bitcoin Where Art Thou? Insight into Large-Scale Transaction Graphs},
  author={Bernhard Haslhofer and Roman Karl and Erwin Filtz},
  booktitle={International Conference on Semantic Systems},
  year={2016},
}

@article{COOKE1966493,
  title = {The shortest route through a network with time-dependent internodal transit times},
  journal = {Journal of Mathematical Analysis and Applications},
  volume = {14},
  number = {3},
  pages = {493-498},
  year = {1966},
  author = {Kenneth L Cooke and Eric Halsey},
}

@inproceedings{dex,
  author = {Mart\'{\i}nez-Bazan, Norbert and \'{A}guila-Lorente, M. \'{A}ngel and Munt\'{e}s-Mulero, Victor and Dominguez-Sal, David and G\'{o}mez-Villamor, Sergio and Larriba-Pey, Josep-L.},
  title = {Efficient Graph Management Based on Bitmap Indices},
  year = {2012},
  publisher = {Association for Computing Machinery},
  booktitle = {Proceedings of the 16th International Database Engineering \& Applications Sysmposium},
  pages = {110–119},
  location = {Prague, Czech Republic},
}

@inproceedings{grace,
  author = {Prabhakaran, Vijayan and Wu, Ming and Weng, Xuetian and McSherry, Frank and Zhou, Lidong and Haridasan, Maya},
  title = {Managing Large Graphs on Multi-Cores with Graph Awareness},
  year = {2012},
  publisher = {USENIX Association},
  booktitle = {Proceedings of the 2012 USENIX Conference on Annual Technical Conference},
  pages = {4},
  location = {Boston, MA},
}

@article{HyperBit,
  author = {Zang, Shaoqi and Han, Sheng and Yuan, Pingpeng and Shi, Xuanhua and Jin, Hai},
  title = {HyperBit: A Temporal Graph Store for Fast Answering Queries},
  year = {2023},
  publisher = {Elsevier Science Publishers B. V.},
  volume = {144},
  number = {C},
  journal = {Data Knowl. Eng.},
}

@INPROCEEDINGS{Graphite,
  author={Gandhi, Swapnil and Simmhan, Yogesh},
  booktitle={2020 IEEE 36th International Conference on Data Engineering (ICDE)}, 
  title={An Interval-centric Model for Distributed Computing over Temporal Graphs}, 
  year={2020},
  month = {04},
  pages={1129-1140},
}

@inproceedings{tink,
  author = {Lightenberg, Wouter and Pei, Yulong and Fletcher, George and Pechenizkiy, Mykola},
  title = {Tink: A Temporal Graph Analytics Library for Apache Flink},
  year = {2018},
  publisher = {International World Wide Web Conferences Steering Committee},
  booktitle = {Companion Proceedings of the The Web Conference 2018},
  pages = {71–72},
  location = {Lyon, France},
}

@article{GeaFlow,
  author = {Pan, Zhenxuan and Wu, Tao and Zhao, Qingwen and Zhou, Qiang and Peng, Zhiwei and Li, Jiefeng and Zhang, Qi and Feng, Guanyu and Zhu, Xiaowei},
  title = {GeaFlow: A Graph Extended and Accelerated Dataflow System},
  year = {2023},
  publisher = {Association for Computing Machinery},
  volume = {1},
  number = {2},
  journal = {Proc. ACM Manag. Data},
}

@inproceedings{TGraph,
  author = {Huang, Haixing and Song, Jinghe and Lin, Xuelian and Ma, Shuai and Huai, Jinpeng},
  title = {TGraph: A Temporal Graph Data Management System},
  year = {2016},
  publisher = {Association for Computing Machinery},
  booktitle = {Proceedings of the 25th ACM International on Conference on Information and Knowledge Management},
  pages = {2469–2472},
  location = {Indianapolis, Indiana, USA},
}

@inproceedings{pregel,
  author = {Malewicz, Grzegorz and Austern, Matthew H. and Bik, Aart J.C and Dehnert, James C. and Horn, Ilan and Leiser, Naty and Czajkowski, Grzegorz},
  title = {Pregel: A System for Large-Scale Graph Processing},
  year = {2010},
  publisher = {Association for Computing Machinery},
  booktitle = {Proceedings of the 2010 ACM SIGMOD International Conference on Management of Data},
  pages = {135–146},
  location = {Indianapolis, Indiana, USA},
}

@inproceedings{rmat,
  title={{R-MAT}: A recursive model for graph mining},
  author={Chakrabarti, Deepayan and Zhan, Yiping and Faloutsos, Christos},
  booktitle={Proceedings of the 2004 SIAM International Conference on Data Mining},
  pages={442-446},
  year={2004},
}

@article{uk,
  title={{UbiCrawler}: A scalable fully distributed web crawler},
  author={Boldi, Paolo and Codenotti, Bruno and Santini, Massimo and Vigna, Sebastiano},
  journal={Software: Practice and Experience},
  volume={34},
  number={8},
  pages={711-726},
  year={2004},
  publisher={Wiley Online Library}
}

@inproceedings{twitter,
  title={What is {Twitter}, a social network or a news media?},
  author={Kwak, Haewoon and Lee, Changhyun and Park, Hosung and Moon, Sue},
  booktitle={Proceedings of the 19th international conference on World wide web},
  pages={591-600},
  year={2010}
}

@article{gs,
  author = {Fan, Wenfei and He, Tao and Lai, Longbin and Li, Xue and Li, Yong and Li, Zhao and Qian, Zhengping and Tian, Chao and Wang, Lei and Xu, Jingbo and Yao, Youyang and Yin, Qiang and Yu, Wenyuan and Zhou, Jingren and Zhu, Diwen and Zhu, Rong},
  title = {GraphScope: A Unified Engine for Big Graph Processing},
  year = {2021},
  publisher = {VLDB Endowment},
  volume = {14},
  number = {12},
  journal = {Proc. VLDB Endow.},
  pages = {2879–2892},
}

@inproceedings{gcn,
  title={Semi-Supervised Classification with Graph Convolutional Networks},
  author={Kipf, Thomas N. and Welling, Max},
  booktitle={International Conference on Learning Representations},
  series = {ICLR '17},
  year={2017}
}

@inproceedings{gsg,
  author = {Hamilton, William L. and Ying, Rex and Leskovec, Jure},
  title = {Inductive Representation Learning on Large Graphs},
  year = {2017},
  publisher = {Curran Associates Inc.},
  booktitle = {Proceedings of the 31st International Conference on Neural Information Processing Systems},
  pages = {1025–1035},
  location = {Long Beach, California, USA},
}

@inproceedings{sgc,
  title={Modeling relational data with graph convolutional networks},
  author={Schlichtkrull, Michael and Kipf, Thomas N. and Bloem, Peter and Berg, Rianne van den and Titov, Ivan and Welling, Max},
  booktitle={European semantic web conference},
  pages={593-607},
  year={2018},
}

@article{599934,
  author={Tansel, A.U.},
  journal={IEEE Transactions on Knowledge and Data Engineering}, 
  title={Temporal relational data model}, 
  year={1997},
  volume={9},
  number={3},
  pages={464-479},
}

@book{tdb,
  author = {Tansel, Abdullah Uz and Clifford, James and Gadia, Shashi and Jajodia, Sushil and Segev, Arie and Snodgrass, Richard},
  title = {Temporal Databases: Theory, Design, and Implementation},
  year = {1993},
  publisher = {Benjamin-Cummings Publishing Co., Inc.},
  address = {USA}
}

@inproceedings{taosparql,
  author = {Tappolet, Jonas and Bernstein, Abraham},
  year = {2009},
  pages = {308-322},
  title = {Applied temporal RDF: efficient temporal querying of RDF data with SPARQL},
  volume = {5554},
  booktitle={The Semantic Web: Research and Applications},
  publisher={Springer Berlin Heidelberg},
}

@inproceedings{strdf,
  author={Bereta, Konstantina and Smeros, Panayiotis and Koubarakis, Manolis},
  title={Representation and Querying of Valid Time of Triples in Linked Geospatial Data},
  booktitle={The Semantic Web: Semantics and Big Data},
  year={2013},
  publisher={Springer Berlin Heidelberg},
  pages={259-274},
}
